@ARTICLE{9286680,
  author={Rahimi, Farzan Baradaran and Boyd, Jeffrey E. and Levy, Richard M. and Eiserman, Jennifer},
  journal={IEEE Transactions on Visualization and Computer Graphics}, 
  title={New Media and Space: An Empirical Study of Learning and Enjoyment Through Museum Hybrid Space}, 
  year={2022},
  volume={28},
  number={8},
  pages={3013-3021},
  keywords={Games;Media;Time measurement;Statistics;Augmented reality;Next generation networking;Virtual reality;Evaluation/methodology;games and infotainment;new media and museum hybrid space;virtual reality},
  doi={10.1109/TVCG.2020.3043324}}

@ARTICLE{6797425,
  author={Kim, Young-Seok and Kesavadas, Thenkurussi and Paley, Samuel M},
  journal={Presence}, 
  title={The Virtual Site Museum: A Multi-Purpose, Authoritative, and Functional Virtual Heritage Resource}, 
  year={2006},
  volume={15},
  number={3},
  pages={245-261},
  keywords={},
  doi={10.1162/pres.15.3.245}}
